% This file was created with JabRef 2.10b2.
% Encoding: UTF-8


@Article{,
  Title                    = {Autoscaling with Heat, Ceilometer and Gnocchi},
  Author                   = {Mehdi Abaakouk},
  Year                     = {2015},

  Owner                    = {lee212},
  Timestamp                = {2015.07.07},
  Url                      = {http://techs.enovance.com/7437/autoscaling-with-heat-ceilometer-gnocchi}
}

@Article{aceto2013cloud,
  Title                    = {Cloud monitoring: A survey},
  Author                   = {Aceto, Giuseppe and Botta, Alessio and De Donato, Walter and Pescap{\`e}, Antonio},
  Journal                  = {Computer Networks},
  Year                     = {2013},
  Number                   = {9},
  Pages                    = {2093--2115},
  Volume                   = {57},

  Publisher                = {Elsevier}
}

@Article{,
  Title                    = {Cloud Computing Service Metrics Description},
  Author                   = {NIST Cloud Computing Reference Architecture and Taxonomy Working Group NIST Cloud Computing Program Information Technology Laboratory},
  Year                     = {2015},

  Owner                    = {lee212},
  Timestamp                = {2015.07.07},
  Url                      = {http://www.nist.gov/itl/cloud/upload/RATAX-CloudServiceMetricsDescription-DRAFT-20141111.pdf}
}

@Article{,
  Title                    = {FG Resource Report},
  Author                   = {Hyungro Lee, Gregor von Laszewski, Fugang Wang, Geoffrey C. Fox},

  Owner                    = {lee212},
  Timestamp                = {2015.07.07},
  Url                      = {http://archive.futuregrid.org/metrics/html/pdf_reports/2014HY1/FGResourceReport.pdf}
}

@Article{vondesign,
  Title                    = {Design of a Dynamic Provisioning System for a Federated Cloud and Bare-metal Environment},
  Author                   = {von Laszewski, Gregor and Lee, Hyungro and Diaz, Javier and Wang, Fugang and Tanaka, Koji and Karavinkoppa, Shubhada and Fox, Geoffrey C and Furlani, Tom},

  Publisher                = {Citeseer}
}

@Article{viewing-keystone-cadf-notifications-with-ceilometer-and-rabbitmq,
  Title                    = {Viewing Keystone CADF notifications with Ceilometer and RabbitMQ},
  Author                   = {STEVE MARTINELLI},
  Year                     = {2015},

  Owner                    = {lee212},
  Timestamp                = {2015.07.09},
  Url                      = {https://developer.ibm.com/opentech/2015/07/06/viewing-keystone-cadf-notifications-with-ceilometer-and-rabbitmq/}
}

@InProceedings{mastelic2012m4cloud,
  Title                    = {M4Cloud-Generic Application Level Monitoring for Resource-shared Cloud Environments.},
  Author                   = {Mastelic, Toni and Emeakaroha, Vincent C and Maurer, Michael and Brandic, Ivona},
  Booktitle                = {CLOSER},
  Year                     = {2012},
  Pages                    = {522--532}
}

@Article{singh2011cm,
  Title                    = {CM-measurement facets for cloud performance},
  Author                   = {Singh, Gurdev and Sood, Shanu and Sharma, Amit},
  Journal                  = {International Journal of Computer Applications},
  Year                     = {2011},
  Number                   = {3},
  Pages                    = {37--42},
  Volume                   = {23},

  Publisher                = {International Journal of Computer Applications, 244 5 th Avenue,\# 1526, New York, NY 10001, USA India}
}

@InProceedings{wang2010online,
  Title                    = {Online detection of utility cloud anomalies using metric distributions},
  Author                   = {Wang, Chengwei and Talwar, Vanish and Schwan, Karsten and Ranganathan, Parthasarathy},
  Booktitle                = {Network Operations and Management Symposium (NOMS), 2010 IEEE},
  Year                     = {2010},
  Organization             = {IEEE},
  Pages                    = {96--103}
}

@Misc{CloudAuditingDataFederation,
  Title                    = {Cloud Auditing Data Federation},

  Owner                    = {lee212},
  Timestamp                = {2015.07.09},
  Url                      = {http://www.dmtf.org/standards/cadf}
}

@Article{,
  Title                    = {RDO Project},

  Owner                    = {lee212},
  Timestamp                = {2015.07.07},
  Url                      = {https://www.rdoproject.org/CeilometerQuickStart}
}

